<?xml version="1.0" encoding="UTF-8"?>
<record xmlns="http://www.loc.gov/MARC21/slim" xmlns:xsi="http://www.w3.org/2001/XMLSchema-instance" xsi:schemaLocation="http://www.loc.gov/MARC21/slim http://www.loc.gov/standards/marcxml/schema/MARC21slim.xsd">
<leader>     nam a2200361 a 4500</leader>
<controlfield tag="001">001674747</controlfield>
<controlfield tag="003">NNU</controlfield>
<controlfield tag="005">20061010170926.0</controlfield>
<controlfield tag="008">001208s1951    iq c          000 0 ara d</controlfield>
<datafield tag="035" ind1="9" ind2=" ">
<subfield code="a">NYUb12217582</subfield>
</datafield>
<datafield tag="035" ind1=" " ind2=" ">
<subfield code="a">(CStRLIN)NYUG00-B4053</subfield>
</datafield>
<datafield tag="040" ind1=" " ind2=" ">
<subfield code="a">NNU</subfield>
<subfield code="c">NNU</subfield>
</datafield>
<datafield tag="041" ind1="1" ind2=" ">
<subfield code="a">ara</subfield>
<subfield code="h">eng</subfield>
</datafield>
<datafield tag="043" ind1=" " ind2=" ">
<subfield code="a">a-iq---</subfield>
</datafield>
<datafield tag="050" ind1=" " ind2="4">
<subfield code="a">DS70.96.G7</subfield>
<subfield code="b">S3</subfield>
</datafield>
<datafield tag="066" ind1=" " ind2=" ">
<subfield code="c">(3</subfield>
</datafield>
<datafield tag="090" ind1=" " ind2=" ">
<subfield code="a">DS70.96.G7</subfield>
<subfield code="b">S3</subfield>
</datafield>
<datafield tag="245" ind1="0" ind2="0">
<subfield code="6">880-01</subfield>
<subfield code="a">Ṣafḥah min tārīkh al-ʻIrāq̣ al-ḥadīth min sanat 1914 ilá sanat 1926 :</subfield>
<subfield code="b">takwīn al-ḥukm al-waṭanī fī al-ʻIrāq : mudhakkiratān khaṭīratān /</subfield>
<subfield code="c">al-ūlá bi-qalam Birsī Kūks wa-al-thānīyah bi-qalam Hinrī Dūbs ; taʻarīb Bashīr Farjū.</subfield>
</datafield>
<datafield tag="246" ind1="1" ind2=" ">
<subfield code="i">Title on p. [4] of cover:</subfield>
<subfield code="a">Chapter in the modern history of Iraq, 1914-1926 : the development of national government in Iraq</subfield>
</datafield>
<datafield tag="246" ind1="3" ind2=" ">
<subfield code="a">Development of national government in Iraq</subfield>
</datafield>
<datafield tag="250" ind1=" " ind2=" ">
<subfield code="6">880-02</subfield>
<subfield code="a">al-Ṭabʻah 1.</subfield>
</datafield>
<datafield tag="260" ind1=" " ind2=" ">
<subfield code="6">880-03</subfield>
<subfield code="a">Mawṣil :</subfield>
<subfield code="b">Maṭbaʻat al-Ittiḥād al-Jadīdah,</subfield>
<subfield code="c">[1951?]</subfield>
</datafield>
<datafield tag="300" ind1=" " ind2=" ">
<subfield code="a">112 p. :</subfield>
<subfield code="b">ports. ;</subfield>
<subfield code="c">22 cm.</subfield>
</datafield>
<datafield tag="651" ind1=" " ind2="0">
<subfield code="a">Iraq</subfield>
<subfield code="x">Foreign relations</subfield>
<subfield code="z">Great Britain.</subfield>
</datafield>
<datafield tag="651" ind1=" " ind2="0">
<subfield code="a">Great Britain</subfield>
<subfield code="x">Foreign relations</subfield>
<subfield code="z">Iraq.</subfield>
</datafield>
<datafield tag="651" ind1=" " ind2="0">
<subfield code="a">Iraq</subfield>
<subfield code="x">Politics and government.</subfield>
</datafield>
<datafield tag="700" ind1="1" ind2=" ">
<subfield code="6">880-04</subfield>
<subfield code="a">Cox, Percy Zachariah,</subfield>
<subfield code="c">Sir,</subfield>
<subfield code="d">1864-1937.</subfield>
</datafield>
<datafield tag="700" ind1="1" ind2=" ">
<subfield code="6">880-05</subfield>
<subfield code="a">Dobbs, Henry Robert Conway,</subfield>
<subfield code="c">Sir,</subfield>
<subfield code="d">d. 1934.</subfield>
</datafield>
<datafield tag="880" ind1="0" ind2="0">
<subfield code="6">245-01/</subfield>
<subfield code="a">صفحة من تاريخ العراق الحديث من سنة ١٩١٣ الى سنة ١٩٢٦ :</subfield>
<subfield code="b">تكوين الحكم الوطني في العراق : مذكرتان خطيرتان /</subfield>
<subfield code="c">الأواى بقلم برسي كوكس والثانية بقلم هنري دوبس ؛ تعريب بشير فرجو.</subfield>
</datafield>
<datafield tag="880" ind1=" " ind2=" ">
<subfield code="6">250-02/</subfield>
<subfield code="a">الطبعة ١.</subfield>
</datafield>
<datafield tag="880" ind1=" " ind2=" ">
<subfield code="6">260-03/</subfield>
<subfield code="a">موصل :</subfield>
<subfield code="b">مطبعة الاتحاد الجديدة،</subfield>
<subfield code="c">[1951?]</subfield>
</datafield>
<datafield tag="880" ind1="1" ind2=" ">
<subfield code="6">700-04/</subfield>
<subfield code="a">كوكس، برسي.</subfield>
</datafield>
<datafield tag="880" ind1="1" ind2=" ">
<subfield code="6">700-05/</subfield>
<subfield code="a">دوبس، هنري.</subfield>
</datafield>
<datafield tag="OWN" ind1=" " ind2=" ">
<subfield code="a">GENERAL</subfield>
</datafield>
<datafield tag="998" ind1=" " ind2=" ">
<subfield code="a">20001208</subfield>
<subfield code="d">20001208</subfield>
<subfield code="d">20001208</subfield>
<subfield code="n">NNU</subfield>
<subfield code="s">1</subfield>
<subfield code="t">c</subfield>
<subfield code="z">p</subfield>
</datafield>
<datafield tag="AVA" ind1=" " ind2=" ">
<subfield code="a">NYU50</subfield>
<subfield code="b">BOBST</subfield>
<subfield code="c">Main Collection</subfield>
<subfield code="d">DS70.96.G7 S3</subfield>
<subfield code="e">unavailable</subfield>
<subfield code="t">Unavailable</subfield>
<subfield code="f">1</subfield>
<subfield code="g">1</subfield>
<subfield code="h">N</subfield>
<subfield code="i">0</subfield>
<subfield code="j">MAIN</subfield>
<subfield code="k">0</subfield>
</datafield>
</record>
